@article{levin2002unit,
  title={Unit root tests in panel data: asymptotic and finite-sample properties},
  author={Levin, Andrew and Lin, Chien-Fu and Chu, Chia-Shang James},
  journal={Journal of econometrics},
  volume={108},
  number={1},
  pages={1--24},
  year={2002},
  publisher={Elsevier}
}


@misc{Boehmke_Greenwell_2020, title={Hands-on machine learning with R}, url={https://bradleyboehmke.github.io/HOML/random-forest.html}, journal={Chapter 11 Random Forests}, author={Boehmke, Bradley and Greenwell, Brandon}, year={2020}, month={Feb}} 

@article{hastie2001elements,
  title={The elements of statistical learning. Springer series in statistics},
  author={Hastie, Trevor and Tibshirani, Robert and Friedman, Jerome},
  journal={New York, NY, USA},
  year={2001}
}

@article{breiman2001random,
  title={Random forests},
  author={Breiman, Leo},
  journal={Machine learning},
  volume={45},
  pages={5--32},
  year={2001},
  publisher={Springer}
}

@article{apergis2010renewable,
  title={Renewable energy consumption and economic growth: evidence from a panel of OECD countries},
  author={Apergis, Nicholas and Payne, James E},
  journal={Energy policy},
  volume={38},
  number={1},
  pages={656--660},
  year={2010},
  publisher={Elsevier}
}

@article{anderson1981estimation,
  title={Estimation of dynamic models with error components},
  author={Anderson, Theodore Wilbur and Hsiao, Cheng},
  journal={Journal of the American statistical Association},
  volume={76},
  number={375},
  pages={598--606},
  year={1981},
  publisher={Taylor \& Francis}
}

@article{hansen1982large,
  title={Large sample properties of generalized method of moments estimators},
  author={Hansen, Lars Peter},
  journal={Econometrica: Journal of the econometric society},
  pages={1029--1054},
  year={1982},
  publisher={JSTOR}
}

@article{arellano1991some,
  title={Some tests of specification for panel data: Monte Carlo evidence and an application to employment equations},
  author={Arellano, Manuel and Bond, Stephen},
  journal={The review of economic studies},
  volume={58},
  number={2},
  pages={277--297},
  year={1991},
  publisher={Wiley-Blackwell}
}

@article{karanfil2015electricity,
  title={Electricity consumption and economic growth: Exploring panel-specific differences},
  author={Karanfil, Fatih and Li, Yuanjing},
  journal={Energy policy},
  volume={82},
  pages={264--277},
  year={2015},
  publisher={Elsevier}
}

@article{stern2012role,
  title={The role of energy in the industrial revolution and modern economic growth},
  author={Stern, David I and Kander, Astrid},
  journal={The Energy Journal},
  volume={33},
  number={3},
  year={2012},
  publisher={International Association for Energy Economics}
}

@article{de2018renewable,
  title={How renewable production depresses electricity prices: Evidence from the German market},
  author={de Lagarde, Cyril Martin and Lantz, Fr{\'e}d{\'e}ric},
  journal={Energy Policy},
  volume={117},
  pages={263--277},
  year={2018},
  publisher={Elsevier}
}

@article{da2017assessing,
  title={Assessing the determinants of household electricity prices in the EU: a system-GMM panel data approach},
  author={Da Silva, Patr{\'\i}cia Pereira and Cerqueira, Pedro A},
  journal={Renewable and Sustainable Energy Reviews},
  volume={73},
  pages={1131--1137},
  year={2017},
  publisher={Elsevier}
}

@article{sijm2006co2,
  title={CO2 cost pass-through and windfall profits in the power sector},
  author={Sijm, Jos and Neuhoff, Karsten and Chen, Yihsu},
  journal={Climate policy},
  volume={6},
  number={1},
  pages={49--72},
  year={2006},
  publisher={Taylor \& Francis}
}

@book{mattey1995factor,
  title={Factor utilization and margins for adjusting output: evidence from manufacturing plants},
  author={Mattey, Joe and Strongin, Steve and others},
  year={1995},
  publisher={Federal Reserve Board}
}

@article{van2016electricity,
  title={The electricity balancing market: Exploring the design challenge},
  author={Van der Veen, Reinier AC and Hakvoort, Rudi A},
  journal={Utilities Policy},
  volume={43},
  pages={186--194},
  year={2016},
  publisher={Elsevier}
}



