@article{levin2002unit,
  title={Unit root tests in panel data: asymptotic and finite-sample properties},
  author={Levin, Andrew and Lin, Chien-Fu and Chu, Chia-Shang James},
  journal={Journal of econometrics},
  volume={108},
  number={1},
  pages={1--24},
  year={2002},
  publisher={Elsevier}
}

@incollection{lloyd2020exchange,
  title={Exchange rate risk and business cycles},
  author={Lloyd, Simon},
  booktitle={Exchange Rate Risk and Business Cycles: Lloyd, Simon},
  year={2020},
  publisher={[Sl]: SSRN}
}

@article{joseph2021pricing,
  title={Pricing of foreign exchange rate and interest rate risks using short to long horizon returns},
  author={Joseph, Nathan Lael and Su, Chen and Huang, Winifred and Lai, Baoying},
  journal={The European Journal of Finance},
  volume={27},
  number={17},
  pages={1684--1713},
  year={2021},
  publisher={Taylor \& Francis}
}

@article{lazarus2018har,
  title={HAR inference: Recommendations for practice},
  author={Lazarus, Eben and Lewis, Daniel J and Stock, James H and Watson, Mark W},
  journal={Journal of Business \& Economic Statistics},
  volume={36},
  number={4},
  pages={541--559},
  year={2018},
  publisher={Taylor \& Francis}
}

@inproceedings{ang2010yield,
  title={Yield curve predictors of foreign exchange returns},
  author={Ang, Andrew and Chen, Joseph},
  booktitle={AFA 2011 Denver Meetings Paper},
  year={2010}
}

@article{hasse2022does,
  title={Does the yield curve signal recessions? New evidence from an international panel data analysis},
  author={Hasse, Jean-Baptiste and Lajaunie, Quentin},
  journal={The Quarterly Review of Economics and Finance},
  volume={84},
  pages={9--22},
  year={2022},
  publisher={Elsevier}
}

@article{kaminska2013global,
  title={A Global Model Of International Yield Curves: No-Arbitrage Term Structure Approach},
  author={Kaminska, Iryna and Meldrum, Andrew and Smith, James},
  journal={International Journal of Finance \& Economics},
  volume={18},
  number={4},
  pages={352--374},
  year={2013},
  publisher={Wiley Online Library}
}

@article{riddiough2018business,
  title={Business cycles and the cross-section of currency returns},
  author={Riddiough, Steven J and Sarno, Lucio},
  journal={Available at SSRN},
  volume={2906600},
  year={2018}
}

@article{chen2013does,
  title={What does the yield curve tell us about exchange rate predictability?},
  author={Chen Yu-chin and Tsang Kwok Ping},
  journal={Review of Economics and Statistics},
  volume={95},
  number={1},
  pages={185--205},
  year={2013},
  publisher={The MIT Press}
}

@article{grab2018predicting,
  title={Predicting risk premia in short-term interest rates and exchange rates},
  author={Gr{\"a}b, Johannes and Kostka, Thomas},
  year={2018},
  publisher={ECB Working Paper}
}


@misc{Boehmke_Greenwell_2020, title={Hands-on machine learning with R}, url={https://bradleyboehmke.github.io/HOML/random-forest.html}, journal={Chapter 11 Random Forests}, author={Boehmke, Bradley and Greenwell, Brandon}, year={2020}, month={Feb}} 

@article{hastie2001elements,
  title={The elements of statistical learning. Springer series in statistics},
  author={Hastie, Trevor and Tibshirani, Robert and Friedman, Jerome},
  journal={New York, NY, USA},
  year={2001}
}

@article{breiman2001random,
  title={Random forests},
  author={Breiman, Leo},
  journal={Machine learning},
  volume={45},
  pages={5--32},
  year={2001},
  publisher={Springer}
}

@article{ozigbu2018interest,
  title={Interest rate deregulation and dynamics of industrial sector’s productivity in Nigeria},
  author={Ozigbu, Johnbosco Chukwuma},
  journal={International Journal of Innovative Research and Development},
  volume={7},
  number={1},
  pages={323--332},
  year={2018}
}

@article{ur2013investor,
  title={Investor sentiments and exchange rate volatility},
  author={Ur Rehman, Mobeen},
  journal={Business Review},
  volume={8},
  number={1},
  pages={123--134},
  year={2013}
}

@techreport{kalemli2021five,
  title={Five facts about the uip premium},
  author={Kalemli-{\"O}zcan, Ṣebnem and Varela, Liliana},
  year={2021},
  institution={National Bureau of Economic Research}
}

@article{apergis2010renewable,
  title={Renewable energy consumption and economic growth: evidence from a panel of OECD countries},
  author={Apergis, Nicholas and Payne, James E},
  journal={Energy policy},
  volume={38},
  number={1},
  pages={656--660},
  year={2010},
  publisher={Elsevier}
}

@article{anderson1981estimation,
  title={Estimation of dynamic models with error components},
  author={Anderson, Theodore Wilbur and Hsiao, Cheng},
  journal={Journal of the American statistical Association},
  volume={76},
  number={375},
  pages={598--606},
  year={1981},
  publisher={Taylor \& Francis}
}

@article{hansen1982large,
  title={Large sample properties of generalized method of moments estimators},
  author={Hansen, Lars Peter},
  journal={Econometrica: Journal of the econometric society},
  pages={1029--1054},
  year={1982},
  publisher={JSTOR}
}

@article{arellano1991some,
  title={Some tests of specification for panel data: Monte Carlo evidence and an application to employment equations},
  author={Arellano, Manuel and Bond, Stephen},
  journal={The review of economic studies},
  volume={58},
  number={2},
  pages={277--297},
  year={1991},
  publisher={Wiley-Blackwell}
}

@article{karanfil2015electricity,
  title={Electricity consumption and economic growth: Exploring panel-specific differences},
  author={Karanfil, Fatih and Li, Yuanjing},
  journal={Energy policy},
  volume={82},
  pages={264--277},
  year={2015},
  publisher={Elsevier}
}

@article{stern2012role,
  title={The role of energy in the industrial revolution and modern economic growth},
  author={Stern, David I and Kander, Astrid},
  journal={The Energy Journal},
  volume={33},
  number={3},
  year={2012},
  publisher={International Association for Energy Economics}
}

@article{de2018renewable,
  title={How renewable production depresses electricity prices: Evidence from the German market},
  author={de Lagarde, Cyril Martin and Lantz, Fr{\'e}d{\'e}ric},
  journal={Energy Policy},
  volume={117},
  pages={263--277},
  year={2018},
  publisher={Elsevier}
}

@article{da2017assessing,
  title={Assessing the determinants of household electricity prices in the EU: a system-GMM panel data approach},
  author={Da Silva, Patr{\'\i}cia Pereira and Cerqueira, Pedro A},
  journal={Renewable and Sustainable Energy Reviews},
  volume={73},
  pages={1131--1137},
  year={2017},
  publisher={Elsevier}
}

@article{sijm2006co2,
  title={CO2 cost pass-through and windfall profits in the power sector},
  author={Sijm, Jos and Neuhoff, Karsten and Chen, Yihsu},
  journal={Climate policy},
  volume={6},
  number={1},
  pages={49--72},
  year={2006},
  publisher={Taylor \& Francis}
}

@book{mattey1995factor,
  title={Factor utilization and margins for adjusting output: evidence from manufacturing plants},
  author={Mattey, Joe and Strongin, Steve and others},
  year={1995},
  publisher={Federal Reserve Board}
}

@article{van2016electricity,
  title={The electricity balancing market: Exploring the design challenge},
  author={Van der Veen, Reinier AC and Hakvoort, Rudi A},
  journal={Utilities Policy},
  volume={43},
  pages={186--194},
  year={2016},
  publisher={Elsevier}
}



